% Encoding: UTF-8
@article{Allamanis2018,
  author  = {Miltiadis Allamanis and Earl T. Barr and Premkumar Devanbu and Charles Sutton},
  title   = {A Survey of Machine Learning for Big Code and Naturalness},
  journal = {ACM Computing Surveys},
  volume  = {51},
  number  = {4},
  pages   = {81:1--81:37},
  year    = {2018}
}

@article{Alwageed2025,
  title   = {The Role of Generative AI in Strengthening Secure Software Coding Practices: A Systematic Perspective},
  author  = {Alwageed, Hathal S and Khan, Rafiq Ahmad},
  journal = {arXiv preprint arXiv:2504.19461},
  year    = {2025},
  url     = {https://arxiv.org/abs/2504.19461}
}

@misc{amazon2024nova,
  author = {Amazon},
  title  = {The Amazon Nova Family of Models: Technical Report and Model Card},
  year   = {2024},
  url    = {https://ymer.org/papers/2024-the-amazon-nova-family-of-models-technical-report-and-model-card.pdf}
}

@misc{anthropic2023claude3card,
  author = {Anthropic},
  title  = {Claude 3 Model Card},
  year   = {2023},
  url    = {https://assets.anthropic.com/m/1cd9d098ac3e6467/original/Claude-3-Model-Card-October-Addendum.pdf}
}

@misc{anthropic2023claudehaiku,
  author = {Anthropic},
  title  = {Claude 3.5 Haiku Model Card},
  year   = {2023},
  url    = {https://www.anthropic.com/claude/haiku}
}

@misc{anthropic2024claude35news,
  author = {Anthropic},
  title  = {Claude 3.5 Models and Computer Use},
  year   = {2024},
  url    = {https://www.anthropic.com/news/3-5-models-and-computer-use}
}

@article{Austin2021,
  author  = {Austin, Jacob and Odena, Augustus and Nye, Maxwell and Bosma, Maarten and Michalewski, Henryk and Dohan, David and Jiang, Ellen and Cai, Carrie and Terry, Michael and Le, Quoc and Sutton, Charles},
  title   = {{Program Synthesis with Large Language Models}},
  journal = {arXiv preprint arXiv:2108.07732},
  year    = {2021}
}

@misc{AWSCodeWhispererDashboard,
  author = {Rao, Karthik},
  title  = {Introducing Amazon CodeWhisperer Dashboard and CloudWatch Metrics},
  year   = {2023},
  url    = {https://aws.amazon.com/blogs/devops/introducing-amazon-codewhisperer-dashboard-and-cloudwatch-metrics/}
}

@misc{AWSCodeWhispererDataSharing,
  author = {{Amazon Web Services}},
  title  = {Sharing your data with AWS - CodeWhisperer},
  year   = {2024},
  url    = {https://docs.aws.amazon.com/codewhisperer/latest/userguide/sharing-data.html}
}

@misc{AWSCodeWhispererPromptEngineering,
  author = {Amazon Web Services},
  title  = {Best Practices for Prompt Engineering with Amazon CodeWhisperer},
  year   = {2024},
  url    = {https://aws.amazon.com/blogs/devops/best-practices-for-prompt-engineering-with-amazon-codewhisperer/}
}

@inproceedings{ayewah2008findbugs,
  title     = {Using static analysis to find bugs},
  author    = {Ayewah, Nathaniel and Hovemeyer, David and Morgenthaler, John and Penix, John and Pugh, William},
  booktitle = {IEEE Software},
  volume    = {25},
  number    = {5},
  pages     = {22--29},
  year      = {2008},
  publisher = {IEEE}
}

@misc{AzureOpenAIService,
  author = {{Microsoft}},
  title  = {Azure OpenAI Service},
  year   = {2025},
  url    = {https://azure.microsoft.com/en-us/products/ai-services/openai-service}
}

@misc{Bigcode,
  title   = {Bigcode-project/bigcode-evaluation-harness: A framework for the evaluation of Autoregressive Code Generation language models.},
  url     = {https://github.com/bigcode-project/bigcode-evaluation-harness/tree/main},
  journal = {GitHub},
  author  = {Bigcode-Project}
}

@article{Brown2020,
  author  = {Brown, Tom and Mann, Benjamin and Ryder, Nick and Subbiah, Melanie and Kaplan, Jared and Dhariwal, Prafulla and Neelakantan, Arvind and Shyam, Pranav and Sastry, Girish and Askell, Amanda and Agarwal, Sandhini and Herbert-Voss, Ariel and Krueger, Gretchen and Henighan, Tom and Child, Rewon and Ramesh, Aditya and Ziegler, Daniel and Wu, Jeffrey and Winter, Clemens and Hesse, Christopher and Chen, Mark and Sigler, Eric and Litwin, Mateusz and Gray, Scott and Chess, Benjamin and Clark, Jack and Berner, Christopher and McCandlish, Sam and Radford, Alec and Sutskever, Ilya and Amodei, Dario},
  title   = {Language Models are Few-Shot Learners},
  journal = {NeurIPS},
  year    = {2020}
}

@article{Cassano2022,
  author  = {Cassano, Federico and Gouwar, John and Nguyen, Daniel and Nguyen, Sydney and Phipps-Costin, Luna and Pinckney, Donald and Yee, Ming-Ho and Zi, Yangtian and Anderson, Carolyn Jane and Feldman, Molly Q. and Guha, Arjun and Greenberg, Michael and Jangda, Abhinav},
  title   = {{MultiPL-E: A Scalable and Extensible Approach to Benchmarking Neural Code Generation}},
  journal = {arXiv preprint arXiv:2208.08227},
  year    = {2022}
}

@article{Chen2021,
  author        = {Chen, Mark and Tworek, Jerry and Jun, Heewoo and Yuan, Qiming and Pinto, Henrique and Kaplan, Jared and Edwards, Harrison and Burda, Yuri and Joseph, Nicholas and Brockman, Greg and Ray, Alex and Schulman, John and Dhariwal, Prafulla and Amodei, Dario and Christiano, Paul and Ligh, William and Sutskever, Ilya},
  title         = {Evaluating Large Language Models Trained on Code},
  journal       = {arXiv},
  year          = {2021},
  eprint        = {2107.03374},
  archiveprefix = {arXiv},
  primaryclass  = {cs.LG}
}

@misc{chen2023copilot,
  title         = {An Empirical Evaluation of GitHub Copilot's Code Generation Capabilities},
  author        = {Mark Chen and Jared Kaplan and others},
  year          = {2023},
  archiveprefix = {arXiv},
  eprint        = {2304.10778},
  url           = {https://arxiv.org/abs/2304.10778}
}

@article{Chirkova2021,
  title   = {Empirical Study of Transformers for Source Code},
  author  = {Chirkova, Nadezhda and Troshin, Sergey},
  journal = {arXiv preprint arXiv:2010.07987},
  year    = {2021},
  url     = {https://arxiv.org/abs/2010.07987}
}

@misc{codellama2023,
  title  = {Introducing Code Llama, an AI Tool for Coding},
  author = {{Meta AI}},
  year   = {2023},
  url    = {https://about.fb.com/news/2023/08/code-llama-ai-for-coding/}
}

@misc{CodeMag2010,
  author = {{CODE Magazine}},
  title  = {Using Visual Studio 2010 New IntelliSense Features},
  year   = {2010},
  note   = {Available at: \url{https://www.codemag.com/article/1108111/Using-Visual-Studio-2010-New-IntelliSense-Features}}
}


@misc{Codestral2024,
  title   = {Codestral Mamba},
  url     = {https://mistral.ai/news/codestral-mamba},
  journal = {Mistral AI},
  author  = {Mistral AI team},
  year    = {2024},
  month   = {Jul}
}

@misc{codewhisperer2023,
  title  = {What is CodeWhisperer?},
  author = {{Amazon Web Services}},
  year   = {2023},
  url    = {https://docs.aws.amazon.com/codewhisperer/latest/userguide/what-is-cwspr.html}
}

@article{Creeger2009,
  author  = {Creeger, Mache},
  journal = {Communications of the ACM},
  number  = {8},
  pages   = {50--56},
  title   = {{CTO Roundtable: Cloud Computing}},
  volume  = {52},
  year    = {2009}
}

@article{Dai2025SecureCode,
  author  = {Dai, Shih-Chieh and Xu, Jun and Tao, Guanhong},
  title   = {{A Comprehensive Study of LLM Secure Code Generation}},
  journal = {arXiv preprint arXiv:2503.15554},
  year    = {2025}
}

@misc{deepmind2024gemini15,
  author = {{DeepMind}},
  title  = {Gemini 1.5 Technical Report},
  year   = {2024},
  url    = {https://storage.googleapis.com/deepmind-media/gemini/gemini_v1_5_report.pdf}
}

@misc{deepseek2024report,
  title = {DeepSeek Coder Technical Report},
  year  = {2024},
  url   = {https://arxiv.org/pdf/2412.19437}
}

@article{Dettmers2022,
  author = {Dettmers, Tim and Holtzman, Ari and Zettlemoyer, Luke and Stoyanov, Veselin},
  title  = {GPT-Q: A Method for Quantizing LLMs},
  year   = {2022}
}

@article{Dou2024,
  title   = {What's Wrong with Your Code Generated by Large Language Models? An Extensive Study},
  author  = {Dou, Shihan and Jia, Haoxiang and Wu, Shenxi and Zheng, Huiyuan and Zhou, Weikang and others},
  journal = {arXiv preprint arXiv:2407.06153},
  year    = {2024},
  url     = {https://arxiv.org/abs/2407.06153}
}

@misc{EleutherAI,
  title   = {ELEUTHERAI/LM-evaluation-harness: A framework for few-shot evaluation of language models.},
  url     = {https://github.com/EleutherAI/lm-evaluation-harness/tree/main},
  journal = {GitHub},
  author  = {EleutherAI}
}

@misc{evalplus_leaderboard,
  author       = {EvalPlus Team},
  title        = {EvalPlus Leaderboard},
  howpublished = {\url{https://evalplus.github.io/leaderboard.html}},
  year         = {2023},
  note         = {Accessed May 2025}
}

@article{feng2020codebert,
  title   = {CodeBERT: A Pre-Trained Model for Programming and Natural Languages},
  author  = {Feng, Zhangyin and Guo, Daya and Tang, Duyu and Duan, Nan and Feng, Xiaocheng and Gong, Ming and Shou, Linjun and Qin, Bing and Liu, Ting and Jiang, Daxin and others},
  journal = {arXiv preprint arXiv:2002.08155},
  year    = {2020}
}

@article{Fu2023,
  author  = {Fu, Yifan and Liu, Yan and Zhang, Ling and Wang, Meng and Feng, Wei},
  title   = {Security Weaknesses of Copilot Generated Code in GitHub},
  journal = {Preprint},
  year    = {2023}
}

@misc{GaiaXHub2024,
  author = {{GAIA-X Hub Germany}},
  title  = {GAIA-X Explained},
  year   = {2024},
  url    = {https://gaia-x-hub.de/en/gaia-x-explained/},
  note   = {Accessed: 2025-04-29}
}

@techreport{GitClear2024Copilot,
  title       = {Coding on Copilot: 2023 Data Suggests Downward Pressure on Code Quality},
  author      = {{GitClear}},
  year        = {2024},
  institution = {GitClear},
  url         = {https://www.gitclear.com/coding_on_copilot_data_shows_ais_downward_pressure_on_code_quality}
}

@online{Github2021CopilotAnnouncement,
  title  = {Introducing GitHub Copilot: Your AI Pair Programmer},
  author = {{GitHub}},
  year   = {2021},
  url    = {https://github.blog/news-insights/product-news/introducing-github-copilot-ai-pair-programmer/}
}

@misc{GitHub2022,
  author = {GitHub},
  title  = {Quantifying GitHub Copilotâ€™s Impact on Developer Productivity},
  year   = {2022},
  note   = {Available at: \url{https://github.blog}}
}

@misc{GitHub2022Copilot,
  author = {GitHub},
  title  = {GitHub Copilot: Your AI Pair Programmer},
  year   = {2022},
  note   = {Available at: \url{https://github.com/features/copilot}}
}

@misc{GithubCopilotArchitecture,
  author = {GitHub},
  title  = {GitHub Copilot Chat Explained: The Life of a Prompt},
  year   = {2025},
  url    = {https://devblogs.microsoft.com/all-things-azure/github-copilot-chat-explained-the-life-of-a-prompt/}
}

@misc{Haque2025,
  author        = {Ebtesam Al Haque and Chris Brown and Thomas D. LaToza and Brittany Johnson},
  title         = {Towards Decoding Developer Cognition in the Age of AI Assistants},
  howpublished  = {\url{https://arxiv.org/abs/2501.02684}},
  year          = {2025},
  archiveprefix = {arXiv},
  eprint        = {2501.02684},
  primaryclass  = {cs.HC},
  note          = {SANER 2025 Registered Report}
}

@article{Hendrycks2021,
  author  = {Hendrycks, Dan and Burns, Collin and Basart, Steven and Zou, Andy and Mazeika, Mantas and Song, Dawn and Steinhardt, Jacob},
  title   = {Measuring Coding Challenge Competence with APPS},
  journal = {NeurIPS},
  year    = {2021}
}

@inproceedings{Hindle2012,
  author    = {Abram Hindle and Earl T. Barr and Mark Gabel and Zhendong Su and Premkumar Devanbu},
  title     = {On the Naturalness of Software},
  booktitle = {Proceedings of the 34th International Conference on Software Engineering (ICSE)},
  year      = {2012},
  pages     = {837--847}
}

@misc{HuggingFace2023,
  author = {{Hugging Face}},
  title  = {Introducing SafeCoder},
  year   = {2023},
  note   = {Available at: \url{https://huggingface.co}}
}

@article{Jiang2023,
  author        = {Jiang, Aohan and Clark, Jonathan and Lee, Kenton and Raffel, Colin and Zoph, Barret and Vaswani, Ashish and Shazeer, Noam},
  title         = {Mistral 7B},
  journal       = {arXiv},
  year          = {2023},
  eprint        = {2310.06825},
  archiveprefix = {arXiv},
  primaryclass  = {cs.LG}
}

@techreport{JPL2024,
  author      = {Jet Propulsion Laboratory (JPL)},
  title       = {AI-Assisted Coding in Aerospace: Risks and Opportunities},
  institution = {NASA Jet Propulsion Laboratory},
  year        = {2024},
  note        = {Internal Report}
}

@online{Kanuri2025,
  author = {Kanuri, Suteja},
  title  = {Train in the Cloud, Deploy On-Prem: Making Hybrid AI Work for You},
  year   = {2025},
  url    = {https://sutejakanuri.medium.com/train-in-the-cloud-deploy-on-prem-making-hybrid-ai-work-for-you-718e5d8f00b9},
  note   = {Accessed: 2025-05-01}
}

@online{Kessel2024,
  author  = {Andrew Kessel},
  title   = {{JPMorgan} Launches {AI} Assistant for 60{,}000 Employees},
  journal = {Investopedia (Aug. 09, 2024)},
  year    = {2024},
  url     = {https://www.investopedia.com/jpmorgan-launches-ai-assistant-for-60000-employees-8693103}
}

@book{Knuth1998,
  author    = {Knuth, Donald E.},
  title     = {The art of computer programming,  volume 3: (2nd ed.) sorting and searching},
  year      = {1998},
  publisher = {Addison Wesley Longman Publishing Co., Inc.},
  address   = {Redwood City, CA, USA}
}

@article{Ko2023,
  author  = {Ko, Hyun and Lee, Minseo and Kim, Jisoo},
  title   = {Self-Hosted AI for Secure Development: Lessons from Industry},
  journal = {IEEE Transactions on Software Engineering},
  volume  = {50},
  number  = {2},
  pages   = {120-134},
  year    = {2023}
}

@inproceedings{kulal2019spoc,
  title     = {Spoc: Search-based pseudocode to code},
  author    = {Kulal, Yujia and Yang, Kshitij and Singh, Rishabh and Kohli, Pushmeet and Chaudhuri, Swarat},
  booktitle = {Advances in Neural Information Processing Systems},
  volume    = {32},
  year      = {2019}
}

@article{lai2022ds1000,
  title   = {DS-1000: A Natural and Reliable Benchmark for Data Science Code Generation},
  author  = {Lai, Yewen and Chen, Jianzhu and Cheng, Yuxin and Hu, Zhiting and Wu, Yiming and Zhou, Xiang and Zhu, Junyang and Zettlemoyer, Luke and Song, Dawn},
  journal = {arXiv preprint arXiv:2211.11501},
  year    = {2022}
}

@article{Li2022,
  author  = {Li, Yujia and Choi, David and Lakshminarayanan, Balaji and Scialom, Thomas and Clark, Christopher and Stenetorp, Pontus and Tenenbaum, Josh and Misra, Ishan and Lillicrap, Timothy and Shanahan, Murray},
  title   = {Competition-Level Code Generation with AlphaCode},
  journal = {Science},
  volume  = {378},
  pages   = {1092--1097},
  year    = {2022}
}

@article{Li2023Phi15,
  author  = {Li, Yuchen and Bubeck, S{'e}bastien and Eldan, Ravid and Del Giorno, Andrea and Gunasekar, Suriya and Lee, Yin Tat},
  title   = {{Textbooks Are All You Need II: phi-1.5 Technical Report}},
  journal = {arXiv preprint arXiv:2309.05463},
  year    = {2023}
}

@article{Li2023QA,
  title   = {"Always Nice and Confident, Sometimes Wrong": Developers' Experiences Engaging Generative AI Chatbots Versus Human-Powered Q\&A Platforms},
  author  = {Li, Jiachen and Mynatt, Elizabeth and Mishra, Varun and Bell, Jonathan},
  journal = {arXiv preprint arXiv:2309.13684},
  year    = {2023}
}

@article{Li2023StarCoder,
  author  = {Raymond Li and Leandro von Werra and Qian Liu and Stella Biderman and et al. (BigCode)},
  title   = {{StarCoder}: May the Source be With You!},
  journal = {arXiv preprint arXiv:2305.06161},
  year    = {2023}
}

@article{Liu2023Comparative,
  title   = {Which is a better programming assistant? A comparative study between ChatGPT and Stack Overflow},
  author  = {Liu, Jinrun and Tang, Xinyu and Li, Linlin and Chen, Panpan and Liu, Yepang},
  journal = {arXiv preprint arXiv:2308.13851},
  year    = {2023}
}

@article{liu2023reliability,
  title   = {On the Reliability and Explainability of Language Models for Program Generation},
  author  = {Liu, Yue and Tantithamthavorn, Chakkrit and Liu, Yonghui and Li, Li},
  journal = {arXiv preprint arXiv:2302.09587},
  year    = {2023},
  url     = {https://arxiv.org/abs/2302.09587}
}

@article{Liu2023Rigorous,
  author  = {Liu, Jingxiao and Xia, Chaojian Shu and Wang, Yutao and Zhang, Lu},
  title   = {{Is Your Code Generated by ChatGPT Really Correct? Rigorous Evaluation of Large Language Models for Code Generation}},
  journal = {arXiv preprint arXiv:2305.01210},
  year    = {2023}
}

@article{Luo2023,
  author  = {Luo, Ziyang and Xu, Can and Zhao, Pu and Sun, Qingfeng and Geng, Xiubo and Hu, Wenxiang and Tao, Chongyang and Ma, Jing and Lin, Qingwei and Jiang, Daxin},
  title   = {{WizardCoder: Empowering Code Large Language Models with Evol-Instruct}},
  journal = {arXiv preprint arXiv:2306.08568},
  year    = {2023}
}

@misc{mamba_rocm_conflict,
  author = {amoskvic},
  title  = {Mamba ROCm Build Fails with Pip Isolation},
  year   = {2024},
  url    = {https://github.com/state-spaces/mamba/issues/671},
  note   = {Accessed July 2025}
}

@online{Microsoft2023Copilot,
  title  = {What Can Copilot's Earliest Users Teach Us About AI at Work?},
  author = {{Microsoft}},
  year   = {2023},
  url    = {https://www.microsoft.com/en-us/worklab/work-trend-index/copilots-earliest-users-teach-us-about-generative-ai-at-work}
}

@misc{Microsoft2023guidelines,
  author = {Microsoft},
  title  = {Secure AI Development Guidelines for GitHub Copilot},
  year   = {2023},
  note   = {Internal Whitepaper}
}

@online{MicrosoftAzureOpenAIPrivateDeployment,
  author  = {Microsoft},
  title   = {Network and access configuration for Azure OpenAI On Your Data},
  year    = {2025},
  url     = {https://learn.microsoft.com/en-us/azure/ai-services/openai/how-to/on-your-data-configuration},
  urldate = {2025-05-01},
  note    = {Accessed: 2025-05-01}
}

@misc{MosaicML2023,
  author = {MosaicML},
  title  = {Efficient Training of Large Language Models on Commodity Hardware},
  year   = {2023},
  note   = {Available at: \url{https://www.mosaicml.com}}
}

@inproceedings{MovshovitzAttias2013,
  author    = {Movshovitz-Attias, Dana and Cohen, William W.},
  title     = {Natural Language Models for Predicting Programming Comments},
  booktitle = {Proceedings of the 51st Annual Meeting of the Association for Computational Linguistics},
  year      = {2013},
  pages     = {35--40},
  url       = {https://www.cs.cmu.edu/~wcohen/postscript/acl-2013.pdf}
}

@inproceedings{murphy2006ideusage,
  title     = {How are Java software developers using the Eclipse IDE?},
  author    = {Murphy, Gail C. and Kersten, Mik and Findlater, Leah},
  booktitle = {IEEE Software},
  volume    = {23},
  number    = {4},
  pages     = {76--83},
  year      = {2006},
  publisher = {IEEE}
}

@techreport{OpenAI2023,
  author      = {OpenAI},
  title       = {{GPT-4 Technical Report}},
  institution = {OpenAI},
  year        = {2023},
  note        = {arXiv:2303.08774}
}

@online{Opsera2024,
  author  = {Anna Daugherty},
  title   = {GitHub Copilot Trends and Measuring Impact},
  journal = {Opsera Blog},
  year    = {2024},
  month   = {6},
  url     = {https://www.opsera.io/blog/github-copilot-trends-and-measuring-impact}
}

@misc{PALO,
  author  = {PALO IT},
  title   = {The Rise of Hybrid Cloud: Balancing Security, Flexibility and Cost Optimization},
  url     = {https://www.palo-it.com/en/blog/hybrid-cloud-benefits},
  urldate = {2025-05-02},
  month   = oct,
  year    = {2024}
}

@online{Park2023Samsung,
  author  = {Kate Park},
  title   = {Samsung bans use of generative AI tools like ChatGPT after April internal data leak},
  year    = {2023},
  url     = {https://techcrunch.com/2023/05/02/samsung-bans-use-of-generative-ai-tools-like-chatgpt-after-april-internal-data-leak/},
  urldate = {2025-05-01},
  note    = {Accessed: 2025-05-01}
}

@article{Patel2024,
  author  = {Patel, Chirag},
  title   = {Unlock the Power of Small Language Model Phi-2 for Chat, Research, Coding, and More},
  journal = {NVIDIA Technical Blog},
  year    = {2024}
}

@article{Pearce2022,
  author  = {Pearce, Harrison and Ahmad, Benjamin and Monkey, Sarah and Felten, Edward and Singh, Arvind and Narayanan, Karan},
  title   = {Asleep at the Keyboard? Assessing the Security of GitHub Copilotâ€™s Code Contributions},
  journal = {IEEE S\&P},
  year    = {2022}
}

@article{Peng2023,
  author  = {Sida Peng and Eirini Kalliamvakou and Peter Cihon and Mert Demirer},
  title   = {The Impact of {AI} on Developer Productivity: Evidence from {GitHub Copilot}},
  journal = {arXiv preprint arXiv:2302.06590},
  year    = {2023}
}

@misc{Phind2023,
  author = {Phind AI Team},
  title  = {Phind: AI-Powered Search Engine for Developers},
  year   = {2023},
  note   = {Available at: \url{https://www.phind.com}}
}

@misc{PhindBlog2023,
  author = {Royzen, Michael},
  title  = {{Beating GPT-4 on HumanEval with a Fine-Tuned CodeLlama-34B}},
  note   = {Phind Blog},
  url    = {https://www.phind.com/blog/code-llama-beats-gpt4},
  month  = {8},
  year   = {2023}
}

@article{Plural2023,
  author = {Rao, Karthik and Singh, Aditi and Zhao, Mingyuan},
  title  = {Hardware Optimization for Self-hosted AI Models},
  year   = {2023}
}

@book{Pollefliet2011,
  author    = {Pollefliet, Leen},
  title     = {Schrijven van verslag tot eindwerk: do's en don'ts},
  year      = {2011},
  publisher = {Academia Press},
  address   = {Gent}
}

@misc{Qwen2024,
  title   = {QWEN2.5-Coder Technical Report},
  url     = {https://arxiv.org/abs/2409.12186},
  journal = {arXiv.org},
  author  = {Hui, Binyuan and Yang, Jian and Cui, Zeyu and Yang, Jiaxi and Liu, Dayiheng and Zhang, Lei and Liu, Tianyu and Zhang, Jiajun and Yu, Bowen and Lu, Keming and et al.},
  year    = {2024},
  month   = {11}
}

@article{Ren2020CodeBLEU,
  author  = {Shuo Ren and Daya Guo and Shuai Lu and Long Zhou and Shujie Liu and Duyu Tang and Neel Sundaresan and Ming Zhou and Ambrosio Blanco and Shuai Ma},
  title   = {{CodeBLEU: a Method for Automatic Evaluation of Code Synthesis}},
  journal = {arXiv preprint arXiv:2009.10297},
  year    = {2020},
  url     = {https://arxiv.org/abs/2009.10297}
}

@online{Reuters2023,
  author  = {Elvira Pollina and Supantha Mukherjee},
  title   = {Italy curbs ChatGPT, starts probe over privacy concerns},
  year    = {2023},
  url     = {https://www.reuters.com/technology/italy-data-protection-agency-opens-chatgpt-probe-privacy-concerns-2023-03-31/},
  urldate = {2025-05-01},
  note    = {Accessed: 2025-05-01}
}

@misc{rocm_patch_405,
  author       = {root and amoskvic},
  title        = {ROCm warp size fix [AMD official]},
  year         = {2024},
  howpublished = {\url{https://github.com/state-spaces/mamba/pull/405}},
  note         = {GitHub Pull Request}
}

@article{Roziere2023,
  author  = {Rozi{`e}re, Baptiste and Gehring, Jonas and Gloeckle, Fabian and Sootla, Sten and Gat, Itai and Tan, Xiaoqing Ellen and Adi, Yossi and Liu, Jingyu and Sauvestre, Romain and Remez, Tal and Rapin, J{'e}r{'e}my and Kozhevnikov, Artyom and Evtimov, Ivan and Bitton, Joanna and Bhatt, Manish and Canton Ferrer, Cristian and Grattafiori, Aaron and Xiong, Wenhan and D{'e}fossez, Alexandre and Copet, Jade and Azhar, Faisal and Touvron, Hugo and Martin, Louis and Usunier, Nicolas and Scialom, Thomas and Synnaeve, Gabriel},
  title   = {{Code Llama: Open Foundation Models for Code}},
  journal = {arXiv preprint arXiv:2308.12950},
  year    = {2023}
}

@article{Sandoval2022,
  author  = {Sandoval, Javier and Others},
  title   = {Lost at C: Security Implications of LLM Code Assistants},
  journal = {ArXiv},
  year    = {2022},
  eprint  = {arXiv:2201.00000}
}

@article{schall2024commitbench,
  title   = {CommitBench: Evaluating Commit Message Generation Models with Semantic Similarity and Human Ratings},
  author  = {Schall, Daniel and Alon, Uri and Zettlemoyer, Luke and Hajishirzi, Hannaneh},
  journal = {arXiv preprint arXiv:2402.08176},
  year    = {2024}
}

@article{Smith2023,
  author  = {Smith, Jonathan and Wang, Xiaoming and Patel, Rohan},
  title   = {Securing AI in Development Pipelines: A Comparative Study of Self-Hosted and Cloud-Based Models},
  journal = {ACM Computing Surveys},
  volume  = {55},
  number  = {6},
  pages   = {1-28},
  year    = {2023}
}

@misc{Tabby2023,
  author = {{Tabby Project}},
  title  = {Tabby: Open-source self-hosted coding assistant},
  year   = {2023},
  note   = {Available at: \url{https://medevel.com}}
}

@misc{TabNine2019,
  author = {{Neurohive}},
  title  = {TabNine: Deep Learning-Based Code Autocompletion Tool},
  year   = {2019},
  note   = {Available at: \url{https://www.cs.cmu.edu/~wcohen/postscript/acl-2013.pdf}}
}

@misc{TabNineBlog2019,
  author       = {Jacob Jackson},
  title        = {TabNine: Using Deep Learning to Help You Write Code},
  howpublished = {\url{https://tabnine.com/blog/deep-learning}},
  year         = {2019},
  note         = {TabNine company blog}
}

@techreport{Team2023,
  author      = {OpenAI Team},
  title       = {Best Practices for Deploying AI Coding Assistants},
  institution = {OpenAI},
  year        = {2023},
  note        = {Available at: \url{https://openai.com/research/ai-coding-best-practices}}
}

@misc{TechCo2023,
  author = {{Tech.co News}},
  title  = {Wall Street Banks Are Banning ChatGPT},
  year   = {2023},
  note   = {Available at: \url{https://tech.co}}
}

@article{Tian2024,
  title   = {CodeHalu: Investigating Code Hallucinations in LLMs via Execution-based Verification},
  author  = {Tian, Yuchen and Yan, Weixiang and Yang, Qian and Zhao, Xuandong and Chen, Qian and Wang, Wen and Luo, Ziyang and Ma, Lei and Song, Dawn},
  journal = {arXiv preprint arXiv:2405.00253},
  year    = {2024},
  url     = {https://arxiv.org/abs/2405.00253}
}

@article{Tony2023LLMSecEval,
  author  = {Tony, Chih-Hong and Mutas, Matthias and Diaz Ferreyra, Nicolas E. and Scandariato, Riccardo},
  title   = {{LLMSecEval: A Dataset of Natural Language Prompts for Security Evaluations of Large Language Models}},
  journal = {arXiv preprint arXiv:2303.09384},
  year    = {2023}
}

@article{Touvron2023,
  author  = {Hugo Touvron and Louis Martin and Kevin Stone and Peter Albert and Amjad Almahairi and et al.},
  title   = {Llama {2}: Open Foundation and Fine-Tuned Chat Models},
  journal = {arXiv preprint arXiv:2307.09288},
  year    = {2023}
} 

@article{Tunstall2023,
  author = {Tunstall, Leandro and Wolf, Thomas and BigCode Community},
  title  = {StarCoder: Open-Source Language Models for Code},
  year   = {2023}
} 

@article{Vaithilingam2022,
  author  = {Vaithilingam, Priya and Others},
  title   = {Expectations and Experiences of AI Pair Programmers},
  journal = {Communications of the ACM},
  year    = {2022}
} 

@article{Vincent2023,
  title   = {Running your own dedicated OpenAI Instance},
  author  = {Vincent, Rohit},
  journal = {Medium},
  year    = {2023},
  url     = {https://medium.com/version-1/running-your-own-dedicated-openai-instance-60a93555dbd0}
}

@article{wang2021codet5,
  title   = {CodeT5: Identifier-aware Unified Pre-trained Encoder-Decoder Models for Code Understanding and Generation},
  author  = {Wang, Yue and Wang, Weishi and Joty, Shafiq and Hoi, Steven CH},
  journal = {arXiv preprint arXiv:2109.00859},
  year    = {2021}
}

@article{Wang2023CodeSec,
  author  = {Wang, Jiexin and Luo, Xitong and Cao, Liuwen and He, Hongkui and Huang, Hailin and Xie, Jiayuan and Jatowt, Adam and Cai, Yi},
  title   = {{Is Your AI-Generated Code Really Secure? Evaluating Large Language Models on Secure Code Generation with CodeSecEval}},
  journal = {Proc. of the 31st ACM Joint European Software Engineering Conference and Symposium on the Foundations of Software Engineering (ESEC/FSE)},
  year    = {2023}
}

@article{Xu2022,
  author  = {Xu, Kevin and Guo, Yingying and Chen, Zhao},
  title   = {An Empirical Study of AI-Assisted Code Generation: Productivity, Accuracy, and Security Risks},
  journal = {Journal of Machine Learning Research},
  volume  = {23},
  number  = {188},
  pages   = {1-30},
  year    = {2022}
}

@article{xu2022systematic,
  title   = {A systematic evaluation of large language models of code},
  author  = {Xu, Shuyue and Haque, Md Rizwan and Clement, Colin and Zhu, Yizhong and Zettlemoyer, Luke and Hajishirzi, Hannaneh},
  journal = {arXiv preprint arXiv:2207.10397},
  year    = {2022}
}

@article{Xu2024,
  title   = {LiCoEval: Evaluating LLMs on License Compliance in Code Generation},
  author  = {Xu, Weiwei and Gao, Kai and He, Hao and Zhou, Minghui},
  journal = {arXiv preprint arXiv:2408.02487},
  year    = {2024},
  url     = {https://arxiv.org/abs/2408.02487}
}

@article{yu2024humanevalpro,
  title   = {HumanEval-Pro and MBPP-Pro: Challenging LLMs to Solve Multi-Step Programming Problems},
  author  = {Yu, Weishi and Dong, Yao and Dai, Zheng and Zhang, Haoyang and Wang, Qian and Wu, Zhen and Wang, Xi},
  journal = {arXiv preprint arXiv:2401.10684},
  year    = {2024}
}

@inproceedings{Zhang2022,
  author    = {Zhang, Peng and Liu, Han and Wang, Jun and Liu, Jing},
  title     = {Whatâ€™s the Point of Coding? An Ethnographic Study of Copilot Use in a Software Team},
  booktitle = {CHI Extended Abstracts},
  year      = {2022}
}

@article{Zheng2023Race,
  author  = {Zheng, Jiasheng and Cao, Boxi and Ma, Zhengzhao and Pan, Ruotong and Lin, Hongyu and Lu, Yaojie and Han, Xianpei and Sun, Le},
  title   = {{Beyond Correctness: Benchmarking Multi-Dimensional Code Generation for Large Language Models}},
  journal = {arXiv preprint arXiv:2407.11470},
  year    = {2023}
}

@article{Ziegler2023,
  author  = {Ziegler, Daniel and Others},
  title   = {Productivity Assessment of Neural Code Completion},
  journal = {ArXiv},
  year    = {2023},
  eprint  = {arXiv:2301.00000}
}

@article{Ziegler2025,
  author  = {Ziegler, Johannes and Izadi, Homa and Wermelinger, Michel and Latoza, Thomas D.},
  title   = {Human-AI Experience in Integrated Development Environments},
  journal = {arXiv preprint arXiv:2503.06195},
  year    = {2025},
  url     = {https://arxiv.org/abs/2503.06195}
}


@Comment{jabref-meta: databaseType:biblatex;}
