% Encoding: UTF-8

@online{Brown2020,
  author  = {Brown, T. and Mann, B. and Ryder, N. and Subbiah, M. and Kaplan, J. D. and Dhariwal, P. and Neelakantan, A. and Shyam, P. and Sastry, G. and Askell, A. and Agarwal, S. and Herbert-Voss, A. and Krueger, G. and Henighan, T. and Child, R. and Ramesh, A. and Ziegler, D. M. and Wu, J. and Winter, C. and Hesse, C. and Chen, M. and Sigler, E. and Litwin, M. and Gray, S. and Chess, B. and Clark, J. and Berner, C. and McCandlish, S. and Radford, A. and Sutskever, I. and Amodei, D.},
  title   = {Language Models are Few-Shot Learners},
  journal = {arXiv preprint arXiv:2005.14165},
  year    = {2020},
  url     = {https://arxiv.org/abs/2005.14165}
}

@online{Chen2021,
  author  = {Chen, M. and Tworek, J. and Jun, H. and Yuan, Q. and Pinto, H. P. and Kaplan, J. and Edwards, H. and Burda, Y. and Joseph, N. and Brockman, G. and Ray, A. and Puri, R. and Krueger, G. and Petrov, M. and Khlaaf, H. and Sastry, G. and Mishkin, P. and Chan, B. and Gray, S. and Ryder, N. and Pavlov, M. and Power, A. and Kaiser, L. and Bavarian, M. and Winter, C. and Tillet, P. and Such, F. P. and Cummings, D. and Plappert, M. and Chantzis, F. and Barnes, E. and Herbert-Voss, A. and Guss, W. and Nichol, A. and Paino, A. and Tezak, N. and Tang, J. and Babuschkin, I. and Balaji, S. and Jain, S. and Saunders, W. and Hesse, C. and Carr, A. N. and leike, J. and Achiam, J. and Misra, V. and Moritz, P. and Rahman, A. and Platt, J. and Ring, R. and Amodei, D. and McCandlish, S. and Sutskever, I. and Zaremba, W.},
  title   = {Evaluating Large Language Models Trained on Code},
  journal = {arXiv preprint arXiv:2107.03374},
  year    = {2021},
  url     = {https://arxiv.org/abs/2107.03374}
}

@online{Mistral2023,
  author = {Mistral AI Team},
  title  = {Efficient and Compact Large Language Models},
  url    = {https://mistral.ai},
  year   = {2023}
}

@online{Rao2023,
  author       = {Rao, K. and others},
  title        = {Hardware Optimization for Self-hosted AI Models},
  howpublished = {\url{https://aiinfra.org/hardware-optimization}},
  year         = {2023}
}

@article{Li2023StarCoder,
  author        = {Raymond Li and Leandro von Werra and Qian Liu and Stella Biderman and the BigCode team},
  title         = {StarCoder: May the Source Be With You!},
  journal       = {arXiv},
  volume        = {abs/2305.06161},
  year          = {2023},
  archiveprefix = {arXiv},
  eprint        = {2305.06161},
  primaryclass  = {cs.CL},
  url           = {https://arxiv.org/abs/2305.06161}
}

@Comment{jabref-meta: databaseType:biblatex;}
